<record xmlns="http://www.loc.gov/MARC21/slim" xmlns:xsi="http://www.w3.org/2001/XMLSchema-instance" xsi:schemaLocation="http://www.loc.gov/MARC21/slim http://www.loc.gov/standards/marcxml/schema/MARC21slim.xsd">

  <leader>00421nam a2200145Ia 4500</leader>
  <datafield ind1=" " ind2=" " tag="999">
    <subfield code="c">1173</subfield>
    <subfield code="d">1173</subfield>
  </datafield>
  <controlfield tag="008">170330b1979    us ||||| |||| 00| | e   d</controlfield>
  <datafield ind1=" " tag="090" ind2=" ">
    <subfield code="a">371.27 </subfield>
    <subfield code="b">S651r</subfield>
  </datafield>
  <datafield ind1="1" tag="100" ind2=" ">
    <subfield code="a">Smith, Jeffrey K.</subfield>
    <subfield code="9">2642</subfield>
  </datafield>
  <datafield ind1="1" ind2="4" tag="245">
    <subfield code="a">The role of measurement in the process of instruction</subfield>
  </datafield>
  <datafield tag="260" ind2=" " ind1=" ">
    <subfield code="a">New Jersey, Estados Unidos : </subfield>
    <subfield code="b">ERIC, </subfield>
    <subfield code="c">1979</subfield>
  </datafield>
  <datafield tag="300" ind2=" " ind1=" ">
    <subfield code="a">29 páginas</subfield>
  </datafield>
  <datafield ind1="1" ind2="4" tag="650">
    <subfield code="a">EDUCACIÓN</subfield>
    <subfield code="9">1</subfield>
  </datafield>
  <datafield ind1="1" tag="650" ind2="4">
    <subfield code="a">EVALUACIÓN </subfield>
    <subfield code="9">287</subfield>
  </datafield>
  <datafield tag="942" ind2=" " ind1=" ">
    <subfield code="2">z</subfield>
    <subfield code="c">01</subfield>
  </datafield>
</record>